[
  {
    "name": "Old Amsterdam Original 48+ Kaas Plakken 115 g",
    "image": "https://jumbo.com/dam-images/fit-in/360x360/Products/05112024_1730802845784_1730802851758_8710243909221_1.png",
    "link": "https://www.jumbo.com/producten/old-amsterdam-original-48-kaas-plakken-115-g-557490TRA",
    "price": 2.84,
    "unit_size": "Old Amsterdam Original 48+ Kaas Plakken 115 g",
    "store": "jumbo",
    "scraped_at": "2025-01-11T21:57:15.591621",
    "unit_price": "€ 24,70 per kilo",
    "price_per_unit_value": 24.7,
    "price_per_unit_unit": "kilo"
  },
  {
    "name": "Old Amsterdam Original 35+ Kaas 4 Plakken 115 g",
    "image": "https://jumbo.com/dam-images/fit-in/360x360/Products/08012025_1736346812020_1736346816196_8710243909993_1.png",
    "link": "https://www.jumbo.com/producten/old-amsterdam-original-35-kaas-4-plakken-115-g-611040TRA",
    "price": 2.84,
    "unit_size": "Old Amsterdam Original 35+ Kaas 4 Plakken 115 g",
    "store": "jumbo",
    "scraped_at": "2025-01-11T21:57:15.591621",
    "unit_price": "€ 24,70 per kilo",
    "price_per_unit_value": 24.7,
    "price_per_unit_unit": "kilo"
  },
  {
    "name": "Maaslander Jong 30+ Kaas Plakken 150 g",
    "image": "https://jumbo.com/dam-images/fit-in/360x360/Products/23122024_1734946356367_1734946360539_8710243909191_1.png",
    "link": "https://www.jumbo.com/producten/maaslander-jong-30-kaas-plakken-150-g-557483ZK",
    "price": 2.89,
    "unit_size": "Maaslander Jong 30+ Kaas Plakken 150 g",
    "store": "jumbo",
    "scraped_at": "2025-01-11T21:57:15.591621",
    "unit_price": "€ 19,27 per kilo",
    "price_per_unit_value": 19.27,
    "price_per_unit_unit": "kilo"
  },
  {
    "name": "Jumbo Jonge Kaas 48+ Plakken 190 g",
    "image": "https://jumbo.com/dam-images/fit-in/360x360/Products/09082023_1691593127476_1691593158485_8718452708963_1.png",
    "link": "https://www.jumbo.com/producten/jumbo-jonge-kaas-48-plakken-190-g-554688TRA",
    "price": 2.92,
    "unit_size": "Jumbo Jonge Kaas 48+ Plakken 190 g",
    "store": "jumbo",
    "scraped_at": "2025-01-11T21:57:15.592619",
    "unit_price": "€ 15,37 per kilo",
    "price_per_unit_value": 15.37,
    "price_per_unit_unit": "kilo"
  },
  {
    "name": "Jumbo Jong Belegen Kaas 48+ Plakken 190 g",
    "image": "https://jumbo.com/dam-images/fit-in/360x360/Products/14022024_1707872533455_1707872572857_8718452708956_1.png",
    "link": "https://www.jumbo.com/producten/jumbo-jong-belegen-kaas-48-plakken-190-g-554726TRA",
    "price": 3.06,
    "unit_size": "Jumbo Jong Belegen Kaas 48+ Plakken 190 g",
    "store": "jumbo",
    "scraped_at": "2025-01-11T21:57:15.592619",
    "unit_price": "€ 16,11 per kilo",
    "price_per_unit_value": 16.11,
    "price_per_unit_unit": "kilo"
  },
  {
    "name": "Jumbo Oude Kaas 48+ Plakken 190 g",
    "image": "https://jumbo.com/dam-images/fit-in/360x360/Products/24112023_1700836388454_1700836408197_8718452708970_1.png",
    "link": "https://www.jumbo.com/producten/jumbo-oude-kaas-48-plakken-190-g-554728TRA",
    "price": 3.6,
    "unit_size": "Jumbo Oude Kaas 48+ Plakken 190 g",
    "store": "jumbo",
    "scraped_at": "2025-01-11T21:57:15.591621",
    "unit_price": "€ 18,95 per kilo",
    "price_per_unit_value": 18.95,
    "price_per_unit_unit": "kilo"
  },
  {
    "name": "Jumbo Goudse Kaas Jong 48+ Plakken Voordeelverpakking 400 g",
    "image": "https://jumbo.com/dam-images/fit-in/360x360/Products/22122023_1703262905173_1703262913998_8718452695058_1.png",
    "link": "https://www.jumbo.com/producten/jumbo-goudse-kaas-jong-48-plakken-voordeelverpakking-400-g-582812STK",
    "price": 3.7,
    "unit_size": "Jumbo Goudse Kaas Jong 48+ Plakken Voordeelverpakking 400 g",
    "store": "jumbo",
    "scraped_at": "2025-01-11T21:57:15.592619",
    "unit_price": "€ 9,25 per kilo",
    "price_per_unit_value": 9.25,
    "price_per_unit_unit": "kilo"
  },
  {
    "name": "Jumbo Goudse Kaas Jong Belegen 48+ Plakken Voordeelverpakking 400 g",
    "image": "https://jumbo.com/dam-images/fit-in/360x360/Products/20122023_1703089983916_1703089993688_8718452695089_1.png",
    "link": "https://www.jumbo.com/producten/jumbo-goudse-kaas-jong-belegen-48-plakken-voordeelverpakking-400-g-582811STK",
    "price": 3.8,
    "unit_size": "Jumbo Goudse Kaas Jong Belegen 48+ Plakken Voordeelverpakking 400 g",
    "store": "jumbo",
    "scraped_at": "2025-01-11T21:57:15.592619",
    "unit_price": "€ 9,50 per kilo",
    "price_per_unit_value": 9.5,
    "price_per_unit_unit": "kilo"
  },
  {
    "name": "Jumbo Jong Belegen Kaas 30+ Voordeelverpakking 300 g",
    "image": "https://jumbo.com/dam-images/fit-in/360x360/Products/13112023_1699893187893_1699893204411_8718452695225_1.png",
    "link": "https://www.jumbo.com/producten/jumbo-jong-belegen-kaas-30-voordeelverpakking-300-g-369769STK",
    "price": 3.91,
    "unit_size": "Jumbo Jong Belegen Kaas 30+ Voordeelverpakking 300 g",
    "store": "jumbo",
    "scraped_at": "2025-01-11T21:57:15.592619",
    "unit_price": "€ 13,03 per kilo",
    "price_per_unit_value": 13.03,
    "price_per_unit_unit": "kilo"
  },
  {
    "name": "Beemster Jong plakken voordeelverpakking 250 g",
    "image": "https://jumbo.com/dam-images/fit-in/360x360/Products/10012024_1704858469035_1704858475921_417179_ZK_08712243041901_C1N1.png",
    "link": "https://www.jumbo.com/producten/beemster-jong-plakken-voordeelverpakking-250-g-417179ZK",
    "price": 4.55,
    "unit_size": "Beemster Jong plakken voordeelverpakking 250 g",
    "store": "jumbo",
    "scraped_at": "2025-01-11T21:57:15.591621",
    "unit_price": "€ 18,20 per kilo",
    "price_per_unit_value": 18.2,
    "price_per_unit_unit": "kilo"
  },
  {
    "name": "Beemster Jong Belegen plakken voordeelverpakking 250 g",
    "image": "https://jumbo.com/dam-images/fit-in/360x360/Products/10012024_1704858550428_1704858557759_417177_ZK_08712243041925_C1N1.png",
    "link": "https://www.jumbo.com/producten/beemster-jong-belegen-plakken-voordeelverpakking-250-g-417177ZK",
    "price": 4.65,
    "unit_size": "Beemster Jong Belegen plakken voordeelverpakking 250 g",
    "store": "jumbo",
    "scraped_at": "2025-01-11T21:57:15.592619",
    "unit_price": "€ 18,60 per kilo",
    "price_per_unit_value": 18.6,
    "price_per_unit_unit": "kilo"
  },
  {
    "name": "Beemster Belegen Kaas 48+ Voordeelverpakking 10 Plakken",
    "image": "https://jumbo.com/dam-images/fit-in/360x360/Products/10012024_1704858511017_1704858518030_417172_ZK_08712243041970_C1N1.png",
    "link": "https://www.jumbo.com/producten/beemster-belegen-kaas-48-voordeelverpakking-10-plakken-417172ZK",
    "price": 4.74,
    "unit_size": "Beemster Belegen Kaas 48+ Voordeelverpakking 10 Plakken",
    "store": "jumbo",
    "scraped_at": "2025-01-11T21:57:15.591621",
    "unit_price": "€ 18,96 per kilo",
    "price_per_unit_value": 18.96,
    "price_per_unit_unit": "kilo"
  },
  {
    "name": "Jumbo 48+ Jong Kaas Voordeelverpakking 400 g",
    "image": "https://jumbo.com/dam-images/fit-in/360x360/Products/14112023_1699975988451_1699976002304_8718452695126_1.png",
    "link": "https://www.jumbo.com/producten/jumbo-48-jong-kaas-voordeelverpakking-400-g-203774STK",
    "price": 5.31,
    "unit_size": "Jumbo 48+ Jong Kaas Voordeelverpakking 400 g",
    "store": "jumbo",
    "scraped_at": "2025-01-11T21:57:15.592619",
    "unit_price": "€ 13,28 per kilo",
    "price_per_unit_value": 13.28,
    "price_per_unit_unit": "kilo"
  },
  {
    "name": "Beemster Oud Plakken 200 g",
    "image": "https://jumbo.com/dam-images/fit-in/360x360/Products/10052024_1715351656051_1715351662682_2392355000000_1.png",
    "link": "https://www.jumbo.com/producten/beemster-oud-plakken-200-g-535318KGR",
    "price": 5.48,
    "unit_size": "Beemster Oud Plakken 200 g",
    "store": "jumbo",
    "scraped_at": "2025-01-11T21:57:15.592619",
    "unit_price": "€ 27,40 per kilo",
    "price_per_unit_value": 27.4,
    "price_per_unit_unit": "kilo"
  },
  {
    "name": "Jumbo Jong Belegen Kaas 48+ Plakken Voordeelverpakking 400 g",
    "image": "https://jumbo.com/dam-images/fit-in/360x360/Products/13112023_1699896782384_1699896792115_8718452695119_1.png",
    "link": "https://www.jumbo.com/producten/jumbo-jong-belegen-kaas-48-plakken-voordeelverpakking-400-g-203773STK",
    "price": 5.6,
    "unit_size": "Jumbo Jong Belegen Kaas 48+ Plakken Voordeelverpakking 400 g",
    "store": "jumbo",
    "scraped_at": "2025-01-11T21:57:15.591621",
    "unit_price": "€ 14,00 per kilo",
    "price_per_unit_value": 14.0,
    "price_per_unit_unit": "kilo"
  },
  {
    "name": "Jumbo Jong Belegen Kaas 30+ Stuk 455 g",
    "image": "https://jumbo.com/dam-images/fit-in/360x360/Products/07122023_1701963245989_1701963255818_8718452695362_1.png",
    "link": "https://www.jumbo.com/producten/jumbo-jong-belegen-kaas-30-stuk-455-g-223152BAK",
    "price": 5.91,
    "unit_size": "Jumbo Jong Belegen Kaas 30+ Stuk 455 g",
    "store": "jumbo",
    "scraped_at": "2025-01-11T21:57:15.591621",
    "unit_price": "€ 12,99 per kilo",
    "price_per_unit_value": 12.99,
    "price_per_unit_unit": "kilo"
  },
  {
    "name": "Jumbo Wapenaer Belegen Noord-Hollandse Gouda Kaas 48+ Voordeelverpakking ca. 350 g",
    "image": "https://jumbo.com/dam-images/fit-in/360x360/Products/12122024_1734017682751_1734017687245_2324238000000_1.png",
    "link": "https://www.jumbo.com/producten/jumbo-wapenaer-belegen-noord-hollandse-gouda-kaas-48-voordeelverpakking-ca-350-g-608752KGR",
    "price": 6.12,
    "unit_size": "Jumbo Wapenaer Belegen Noord-Hollandse Gouda Kaas 48+ Voordeelverpakking ca. 350 g",
    "store": "jumbo",
    "scraped_at": "2025-01-11T21:57:15.592619",
    "unit_price": "€ 17,49 per kilo",
    "price_per_unit_value": 17.49,
    "price_per_unit_unit": "kilo"
  },
  {
    "name": "Jumbo Belegen Kaas 48+ Voordeelverpakking 400 g",
    "image": "https://jumbo.com/dam-images/fit-in/360x360/Products/13112023_1699893187957_1699893199285_8718452695256_1.png",
    "link": "https://www.jumbo.com/producten/jumbo-belegen-kaas-48-voordeelverpakking-400-g-387187STK",
    "price": 6.17,
    "unit_size": "Jumbo Belegen Kaas 48+ Voordeelverpakking 400 g",
    "store": "jumbo",
    "scraped_at": "2025-01-11T21:57:15.591621",
    "unit_price": "€ 15,43 per kilo",
    "price_per_unit_value": 15.43,
    "price_per_unit_unit": "kilo"
  },
  {
    "name": "Jumbo Jong Kaas 48+ Stuk 545 g",
    "image": "https://jumbo.com/dam-images/fit-in/360x360/Products/07122023_1701966842716_1701966853798_8718452695355_1.png",
    "link": "https://www.jumbo.com/producten/jumbo-jong-kaas-48-stuk-545-g-223151STK",
    "price": 6.62,
    "unit_size": "Jumbo Jong Kaas 48+ Stuk 545 g",
    "store": "jumbo",
    "scraped_at": "2025-01-11T21:57:15.591621",
    "unit_price": "€ 12,15 per kilo",
    "price_per_unit_value": 12.15,
    "price_per_unit_unit": "kilo"
  },
  {
    "name": "Wapenaer Goudse Kaas 48+ Extra Belegen Stuk ca. 393 g",
    "image": "https://jumbo.com/dam-images/fit-in/360x360/Products/11112024_1731339257680_1731339266540_2336162000000_1.png",
    "link": "https://www.jumbo.com/producten/wapenaer-goudse-kaas-48-extra-belegen-stuk-ca-393-g-584559KGR",
    "price": 7.07,
    "unit_size": "Wapenaer Goudse Kaas 48+ Extra Belegen Stuk ca. 393 g",
    "store": "jumbo",
    "scraped_at": "2025-01-11T21:57:15.591621",
    "unit_price": "€ 17,99 per kilo",
    "price_per_unit_value": 17.99,
    "price_per_unit_unit": "kilo"
  },
  {
    "name": "Jumbo Belegen Kaas 48+ Stuk 545 g",
    "image": "https://jumbo.com/dam-images/fit-in/360x360/Products/20122023_1703089983961_1703089995127_8718452695409_1.png",
    "link": "https://www.jumbo.com/producten/jumbo-belegen-kaas-48-stuk-545-g-223117BAK",
    "price": 7.82,
    "unit_size": "Jumbo Belegen Kaas 48+ Stuk 545 g",
    "store": "jumbo",
    "scraped_at": "2025-01-11T21:57:15.591621",
    "unit_price": "€ 14,35 per kilo",
    "price_per_unit_value": 14.35,
    "price_per_unit_unit": "kilo"
  },
  {
    "name": "Jumbo Goudse Kaas 48+ Stuk Jong Voordeelverpakking 1 kg",
    "image": "https://jumbo.com/dam-images/fit-in/360x360/Products/14112023_1699975988318_1699976004027_8718452695133_1.png",
    "link": "https://www.jumbo.com/producten/jumbo-goudse-kaas-48-stuk-jong-voordeelverpakking-1-kg-582970STK",
    "price": 7.89,
    "unit_size": "Jumbo Goudse Kaas 48+ Stuk Jong Voordeelverpakking 1 kg",
    "store": "jumbo",
    "scraped_at": "2025-01-11T21:57:15.592619",
    "unit_price": "€ 7,89 per kilo",
    "price_per_unit_value": 7.89,
    "price_per_unit_unit": "kilo"
  },
  {
    "name": "Wapenaer Goudse Kaas Oud 48+ Stuk ca. 386 g",
    "image": "https://jumbo.com/dam-images/fit-in/360x360/Products/30112023_1701358506479_1701358522741_2336166000000_1.png",
    "link": "https://www.jumbo.com/producten/wapenaer-goudse-kaas-oud-48-stuk-ca-386-g-584558KGR",
    "price": 8.1,
    "unit_size": "Wapenaer Goudse Kaas Oud 48+ Stuk ca. 386 g",
    "store": "jumbo",
    "scraped_at": "2025-01-11T21:57:15.591621",
    "unit_price": "€ 20,99 per kilo",
    "price_per_unit_value": 20.99,
    "price_per_unit_unit": "kilo"
  },
  {
    "name": "Jumbo Kaas Extra Belegen 48+ Stuk 525 g",
    "image": "https://jumbo.com/dam-images/fit-in/360x360/Products/21112023_1700580788477_1700580800144_8718452695430_1.png",
    "link": "https://www.jumbo.com/producten/jumbo-kaas-extra-belegen-48-stuk-525-g-223118BAK",
    "price": 8.29,
    "unit_size": "Jumbo Kaas Extra Belegen 48+ Stuk 525 g",
    "store": "jumbo",
    "scraped_at": "2025-01-11T21:57:15.591621",
    "unit_price": "€ 15,79 per kilo",
    "price_per_unit_value": 15.79,
    "price_per_unit_unit": "kilo"
  },
  {
    "name": "Jumbo Goudse Kaas 48+ Stuk Jong Belegen Voordeelverpakking 1 kg",
    "image": "https://jumbo.com/dam-images/fit-in/360x360/Products/14112023_1699975989714_1699976002168_8718452695102_1.png",
    "link": "https://www.jumbo.com/producten/jumbo-goudse-kaas-48-stuk-jong-belegen-voordeelverpakking-1-kg-582816STK",
    "price": 8.31,
    "unit_size": "Jumbo Goudse Kaas 48+ Stuk Jong Belegen Voordeelverpakking 1 kg",
    "store": "jumbo",
    "scraped_at": "2025-01-11T21:57:15.592619",
    "unit_price": "€ 8,31 per kilo",
    "price_per_unit_value": 8.31,
    "price_per_unit_unit": "kilo"
  },
  {
    "name": "Jumbo Goudse Kaas Extra Belegen 48+ Stuk Voordeelverpakking 900g",
    "image": "https://jumbo.com/dam-images/fit-in/360x360/Products/21112023_1700580788419_1700580799141_8718452695317_1.png",
    "link": "https://www.jumbo.com/producten/jumbo-goudse-kaas-extra-belegen-48-stuk-voordeelverpakking-900g-582815STK",
    "price": 8.99,
    "unit_size": "Jumbo Goudse Kaas Extra Belegen 48+ Stuk Voordeelverpakking 900g",
    "store": "jumbo",
    "scraped_at": "2025-01-11T21:57:15.591621",
    "unit_price": "€ 9,99 per kilo",
    "price_per_unit_value": 9.99,
    "price_per_unit_unit": "kilo"
  },
  {
    "name": "Jumbo Goudse Kaas 48+ Stuk Belegen Voordeelverpakking 950 g",
    "image": "https://jumbo.com/dam-images/fit-in/360x360/Products/14112023_1699975989586_1699976005776_8718452695201_1.png",
    "link": "https://www.jumbo.com/producten/jumbo-goudse-kaas-48-stuk-belegen-voordeelverpakking-950-g-582813STK",
    "price": 9.11,
    "unit_size": "Jumbo Goudse Kaas 48+ Stuk Belegen Voordeelverpakking 950 g",
    "store": "jumbo",
    "scraped_at": "2025-01-11T21:57:15.591621",
    "unit_price": "€ 9,59 per kilo",
    "price_per_unit_value": 9.59,
    "price_per_unit_unit": "kilo"
  }
]